<?xml version="1.0" encoding="UTF-8"?><collection xmlns="http://www.loc.gov/MARC21/slim"><record><leader>00476nam--2200181-i-4500</leader><controlfield tag="001">000023548</controlfield><controlfield tag="002">20161230</controlfield><controlfield tag="005">20161230201035</controlfield><controlfield tag="008">060222s1000------------r-----000-0-ger-d</controlfield><datafield ind1=" " ind2=" " tag="040"><subfield code="a">IFIN-HH</subfield></datafield><datafield ind1=" " ind2=" " tag="041"><subfield code="a">ger</subfield></datafield><datafield ind1=" " ind2=" " tag="080"><subfield code="a">537.8</subfield></datafield><datafield ind1="1" ind2=" " tag="100"><subfield code="a">Hofmann, H</subfield></datafield><datafield ind1="1" ind2="0" tag="245"><subfield code="a">Das elektromagnetische feld</subfield><subfield code="b">Theorie und grundlegende anwendungen</subfield><subfield code="c">H. hofmann</subfield></datafield><datafield ind1=" " ind2=" " tag="260"><subfield code="a">Wien</subfield><subfield code="b">Springer-verlag</subfield><subfield code="c">1974</subfield></datafield><datafield ind1=" " ind2=" " tag="300"><subfield code="a">XVI + 518P</subfield></datafield><datafield ind1=" " ind2=" " tag="852"><subfield code="a">42985</subfield><subfield code="c">537:538</subfield></datafield><datafield ind1=" " ind2=" " tag="CAT"><subfield code="a">Sys</subfield><subfield code="c">20110621</subfield><subfield code="h">095917</subfield></datafield></record></collection>